<record><leader>00000cas a22000007a 4500</leader><controlfield tag="001">26123809</controlfield><controlfield tag="008">920702d18871900ncuwr ne      0    0eng d</controlfield><datafield ind1=" " ind2=" " tag="010"><subfield code="a">sn 92073116 </subfield></datafield><datafield ind1=" " ind2=" " tag="040"><subfield code="a">NVJ</subfield><subfield code="b">eng</subfield><subfield code="c">NVJ</subfield><subfield code="d">NVK</subfield><subfield code="d">OCLCQ</subfield><subfield code="d">OCLCF</subfield><subfield code="d">OCLCO</subfield></datafield><datafield ind1="1" ind2=" " tag="029"><subfield code="a">AU@</subfield><subfield code="b">000020693042</subfield></datafield><datafield ind1=" " ind2=" " tag="042"><subfield code="a">msc</subfield></datafield><datafield ind1=" " ind2=" " tag="043"><subfield code="a">n-us-nc</subfield></datafield><datafield ind1="0" ind2="4" tag="245"><subfield code="a">The Salisbury truth.</subfield></datafield><datafield ind1="1" ind2="3" tag="246"><subfield code="a">Salisbury truth-index</subfield></datafield><datafield ind1="1" ind2="3" tag="246"><subfield code="a">Truth-index</subfield></datafield><datafield ind1=" " ind2=" " tag="260"><subfield code="a">Salisbury, N.C. :</subfield><subfield code="b">J.J. Stewart</subfield></datafield><datafield ind1=" " ind2=" " tag="300"><subfield code="a">v.</subfield></datafield><datafield ind1=" " ind2=" " tag="310"><subfield code="a">Weekly</subfield></datafield><datafield ind1="1" ind2=" " tag="362"><subfield code="a">Began in Oct. 1887.</subfield></datafield><datafield ind1="0" ind2=" " tag="362"><subfield code="a">-v. 13, no. 18 (Mar. 7, 1900).</subfield></datafield><datafield ind1=" " ind2=" " tag="500"><subfield code="a">Published as: Salisbury truth-index, &lt;Jan. 24, 1900&gt;-Mar. 7, 1900.</subfield></datafield><datafield ind1=" " ind2=" " tag="530"><subfield code="a">Available on microfilm from North Carolina Dept. of Archives and History.</subfield></datafield><datafield ind1=" " ind2=" " tag="580"><subfield code="a">Daily eds.: The Salisbury daily index, 1899-1900, Salisbury daily truth-index, 1900-&lt;1901&gt;.</subfield></datafield><datafield ind1=" " ind2=" " tag="588"><subfield code="a">Description based on: Vol. 1, no. 2 (Oct. 13, 1887).</subfield></datafield><datafield ind1=" " ind2="0" tag="651"><subfield code="a">Salisbury (N.C.)</subfield><subfield code="v">Newspapers.</subfield></datafield><datafield ind1=" " ind2="0" tag="651"><subfield code="a">Rowan County (N.C.)</subfield><subfield code="v">Newspapers.</subfield></datafield><datafield ind1=" " ind2="7" tag="655"><subfield code="a">Newspapers.</subfield><subfield code="2">fast</subfield><subfield code="0">(OCoLC)fst01423814</subfield></datafield><datafield ind1=" " ind2="7" tag="651"><subfield code="a">North Carolina</subfield><subfield code="z">Rowan County.</subfield><subfield code="2">fast</subfield><subfield code="0">(OCoLC)fst01205498</subfield></datafield><datafield ind1=" " ind2="7" tag="651"><subfield code="a">North Carolina</subfield><subfield code="z">Salisbury.</subfield><subfield code="2">fast</subfield><subfield code="0">(OCoLC)fst01202783</subfield></datafield><datafield ind1=" " ind2=" " tag="752"><subfield code="a">United States</subfield><subfield code="b">North Carolina</subfield><subfield code="c">Rowan</subfield><subfield code="d">Salisbury.</subfield></datafield><datafield ind1="1" ind2=" " tag="775"><subfield code="t">Salisbury daily index</subfield><subfield code="w">(DLC)sn 92073119</subfield></datafield><datafield ind1="1" ind2=" " tag="775"><subfield code="t">Salisbury daily truth-index</subfield><subfield code="w">(DLC)sn 92073120</subfield></datafield><datafield ind1="0" ind2="0" tag="785"><subfield code="t">Salisbury semi-weekly truth-index</subfield><subfield code="w">(DLC)sn 92073117</subfield></datafield></record>